%---------------------------------------------------------------------------%
%-                                                                         -%
%-                             Bibliography                                -%
%-                                                                         -%
%---------------------------------------------------------------------------%
@article{施巍松2017边缘计算,
  title={边缘计算: 万物互联时代新型计算模型},
  author={施巍松 and 孙辉 and 曹杰 and 张权 and 刘伟},
  journal={计算机研究与发展},
  pages={1},
  year={2017}
}

@techreport{物联网白皮书2016,
 author = {中国信息通信研究院（工业和信息化部电信研究院）},
 title = {物联网白皮书},
 institution = {中国信息通信研究院（工业和信息化部电信研究院）},
 year = {2016}
}

@techreport{Cisco2016,
 author = {Networking C V},
 title = {Cisco Global Cloud Index: Forecast and Methodology, 2016–2021},
 institution = {Cisco},
 year = {2016}
}

@phdthesis{2004支持普适计算的智能终端服务及设备管理技术研究,
  title={支持普适计算的智能终端服务及设备管理技术研究},
  author={史红周},
  school={中国科学院研究生院（计算技术研究所）},
  year={2004}
}

@article{buyya2009cloud,
  title={Cloud computing and emerging IT platforms: Vision, hype, and reality for delivering computing as the 5th utility},
  author={Buyya, Rajkumar and Yeo, Chee Shin and Venugopal, Srikumar and Broberg, James and Brandic, Ivona},
  journal={Future Generation computer systems},
  volume={25},
  number={6},
  pages={599--616},
  year={2009},
  publisher={Elsevier}
}

@article{江绵恒2010,
  title={城市化与信息化——中国发展的时代机遇},
  author={江绵恒},
  journal={信息化建设},
  number={6},
  pages={8-9},
  year={2010},
}

@inproceedings{Ismail2016Evaluation,
  title={Evaluation of Docker as Edge Computing Platform},
  author={Ismail, Bukhary Ikhwan and Goortani, Ehsan Mostajeran and Karim, Mohd Bazli Ab and Tat, Wong Ming and Setapa, Sharipah and Jing, Yuan Luke and Hoe, Ong Hong},
  booktitle={Open Systems},
  year={2016},
}

@inproceedings{renner2016towards,
  title={Towards Container-based Resource Management for the Internet of Things},
  author={Renner, Thomas and Meldau, Marius and Kliem, Andreas},
  booktitle={2016 International Conference on Software Networking (ICSN)},
  pages={1--5},
  year={2016},
  organization={IEEE}
}

@article{morabito2017evaluating,
  title={Evaluating Performance of Containerized IoT Services for Clustered Devices at the Network Edge},
  author={Morabito, Roberto and Farris, Ivan and Iera, Antonio and Taleb, Tarik},
  journal={IEEE Internet of Things Journal},
  volume={4},
  number={4},
  pages={1019--1030},
  year={2017},
  publisher={IEEE}
}

@article{王劲林2015一种现场,
  title={一种现场, 弹性, 自治的网络服务系统——海服务系统研究与设计},
  author={王劲林 and 田静 and 尤佳莉 and 刘学 and 邓浩江},
  journal={Chinese Science Bulletin},
  volume={45},
  number={10},
  pages={1237--1248},
  year={2015}
}

% This file was created with Citavi 6.3.0.0

@article{Noor.2018,
 abstract = {Journal of Network and Computer Applications, 115 (2018) 70-85. doi:10.1016/j.jnca.2018.04.018},
 author = {Noor, Talal H. and Zeadally, Sherali and Alfazi, Abdullah and Sheng, Quan Z.},
 year = {2018},
 title = {Mobile cloud computing: Challenges and future research directions},
 keywords = {Cloud computing;Cloud services;Mobile cloud computing;Mobile services;Smartphones},
 pages = {70--85},
 volume = {115},
 issn = {10848045},
 journal = {Journal of Network and Computer Applications},
 doi = {10.1016/j.jnca.2018.04.018}
}


